@article{haw05,
author={Mark Haw},
title={Einstein's random walk},
journal={Physics World},
volume={18},
number={1},
pages={19},
url={http://stacks.iop.org/2058-7058/18/i=1/a=25},
year={2005}
}
  
@Book{mandelbrot83,
author="Benoit B. Mandelbrot",
title="The fractal geometry of nature",
publisher="W. H. Freeman",
year="1983",
address="New York"
}

@article{carazza77,
author={B Carazza},
title={The History of the Random-Walk Problem: Considerations on the Interdisciplinarity in Modern Physics.},
journal={Rivista Del Nuovo Cimento},
volume={7},
number={3},
pages={419-27},
url={https://link.springer.com/content/pdf/10.1007/BF02747280.pdf},
year={1977}
}
  
  
@article{pearson05,
author={Karl Pearson},
title={The Problem of the Random Walk},
journal={Nature},
volume={72},
number={294},
doi={ 10.1038/072294b0},
year={1905}
}

@article{rayleigh1919,
author = { Lord   Rayleigh   O.M.   F.R.S. },
title = {XXXI. On the problem of random vibrations, and of random flights in one, two, or three dimensions},
journal = {The London, Edinburgh, and Dublin Philosophical Magazine and Journal of Science},
volume = {37},
number = {220},
pages = {321-347},
year  = {1919},
publisher = {Taylor & Francis},
doi = {10.1080/14786440408635894},
URL = {https://doi.org/10.1080/14786440408635894},
eprint = {https://doi.org/10.1080/14786440408635894}
}


@article{rayleigh1880,
author = { Lord   Rayleigh   F.R.S. },
title = {XII. On the resultant of a large number of vibrations of the same pitch and of arbitrary phase},
journal = {The London, Edinburgh, and Dublin Philosophical Magazine and Journal of Science},
volume = {10},
number = {60},
pages = {73-78},
year  = {1880},
publisher = {Taylor & Francis},
doi = {10.1080/14786448008626893},
URL = {https://doi.org/10.1080/14786448008626893},
eprint = { https://doi.org/10.1080/14786448008626893}
}

@article{einstein1905,
author={Albert Einstein},
title={{\"U}ber die von der molekularkinetischen Theorie der Wärme geforderte Bewegung von in ruhenden Flüssigkeiten suspendierten Teilchen},
journal={Annalen der physik},
volume={322},
number={8},
pages={549-560}
}

@article{saberi11,
  title = {Fractal structure of a three-dimensional Brownian motion on an attractive plane},
  author = {Saberi, Abbas Ali},
  journal = {Phys. Rev. E},
  volume = {84},
  issue = {2},
  pages = {021113},
  numpages = {4},
  year = {2011},
  month = {Aug},
  publisher = {American Physical Society},
  doi = {10.1103/PhysRevE.84.021113},
  url = {https://link.aps.org/doi/10.1103/PhysRevE.84.021113}
}

